<collection xmlns="http://www.loc.gov/MARC21/slim"><record><leader>00962nam  2200265   450</leader><controlfield tag="001">837</controlfield><controlfield tag="003">http://montalegre.opacnet.com/OPAC/default.aspx?ContentAreaControl=ShowRegHoldings.ascx&amp;RegNo=16662</controlfield><controlfield tag="005">20</controlfield><datafield tag="010" ind1=" " ind2=" "><subfield code="a">972-21-0613-9</subfield></datafield><datafield tag="021" ind1=" " ind2=" "><subfield code="a">PT</subfield><subfield code="b">48574/91</subfield></datafield><datafield tag="100" ind1=" " ind2=" "><subfield code="a">20121112d1991    a  y0pory010305  ba</subfield></datafield><datafield tag="101" ind1="1" ind2=" "><subfield code="a">por</subfield><subfield code="c">eng</subfield></datafield><datafield tag="102" ind1=" " ind2=" "><subfield code="a">PT</subfield></datafield><datafield tag="200" ind1="1" ind2=" "><subfield code="a">&lt;O &gt;remédio maravilhoso do Jorge</subfield><subfield code="f">Roald Dahl</subfield><subfield code="g">trad.: Luísa Ducla Soares</subfield></datafield><datafield tag="210" ind1=" " ind2=" "><subfield code="a">Lisboa</subfield><subfield code="c">Caminho</subfield><subfield code="d">1991</subfield></datafield><datafield tag="215" ind1=" " ind2=" "><subfield code="a">115 p.</subfield><subfield code="c">il.</subfield><subfield code="d">19 cm</subfield></datafield><datafield tag="225" ind1="2" ind2=" "><subfield code="a">De par em par</subfield></datafield><datafield tag="304" ind1=" " ind2=" "><subfield code="a">Tít. orig.: George's marvellous medicine</subfield></datafield><datafield tag="317" ind1=" " ind2=" "><subfield code="a">Exemplar com o cód. barras «0019242», doado à Biblioteca Municipal de Montalegre pelo Dr.º Francisco Teixeira da Mota</subfield></datafield><datafield tag="675" ind1=" " ind2=" "><subfield code="a">087.5</subfield></datafield><datafield tag="700" ind1=" " ind2="1"><subfield code="a">Dahl</subfield><subfield code="b">Roald</subfield><subfield code="f">1916-1990</subfield></datafield><datafield tag="702" ind1=" " ind2="1"><subfield code="a">Soares</subfield><subfield code="b">Luísa Ducla</subfield><subfield code="f">1939-</subfield><subfield code="4">730</subfield></datafield><datafield tag="801" ind1=" " ind2="0"><subfield code="a">PT</subfield><subfield code="b">Biblioteca Municipal de Montalegre</subfield><subfield code="g">RPC</subfield></datafield><datafield tag="856" ind1=" " ind2=" "><subfield code="u">locateMedia.asp?cod=20060626162726&amp;ext=jpg</subfield><subfield code="z">CAPA</subfield></datafield><datafield tag="909" ind1="&#9;" ind2=" "><subfield code="a">2</subfield></datafield><datafield tag="966" ind1=" " ind2=" "><subfield code="a">0001344</subfield><subfield code="l">BMM</subfield><subfield code="s">SJ 087.5 DAH rem</subfield></datafield><datafield tag="966" ind1=" " ind2=" "><subfield code="a">0019242</subfield><subfield code="l">BMM</subfield><subfield code="s">SJ 087.5 DAH rem</subfield></datafield></record></collection>